%---- Biblio. Alaya for Optimal Transport and Machine Learning ----%

# Articles


# 2019 

@article{peyre2019COTnowpublisher,
year = {2019},
volume = {11},
journal = {Foundations and Trends® in Machine Learning},
title = {Computational Optimal Transport},
number = {5-6},
pages = {355-607},
author = {G. Peyré and M. Cuturi}
}



# 2018

@InProceedings{dvurechensky18aICML,
  title =    {Computational Optimal Transport: Complexity by Accelerated Gradient Descent Is Better Than by Sinkhorn’s Algorithm},
  author =   {Dvurechensky, P. and Gasnikov, A. and Kroshnin, A.},
  booktitle =    {Proceedings of the 35th International Conference on Machine Learning},
  pages =    {1367--1376},
  year =   {2018},
  editor =   {Dy, Jennifer and Krause, Andreas},
  volume =   {80},
  series =   {Proceedings of Machine Learning Research},
  address =    {Stockholmsmässan, Stockholm Sweden},
  month =    {10--15 Jul},
  publisher =    {PMLR},
}

@InProceedings{alvarezICML2018,
  title =    {Structured Optimal Transport},
  author =   {D. Alvarez-Melis and T. Jaakkola and S. Jegelka},
  booktitle =    {Proceedings of the Twenty-First International Conference on Artificial Intelligence and Statistics},
  pages =    {1771--1780},
  year =   {2018},
  editor =   {Amos Storkey and Fernando Perez-Cruz},
  volume =   {84},
  series =   {Proceedings of Machine Learning Research},
  address =    {Playa Blanca, Lanzarote, Canary Islands},
  month =    {09--11 Apr},
  publisher =    {PMLR},
}

@incollection{nips18,
title = {On the Convergence and Robustness of Training GANs with Regularized Optimal Transport},
author = {Sanjabi, M. and Ba, J. and Razaviyayn, M. and Lee, J. D.},
booktitle = {Advances in Neural Information Processing Systems 31},
editor = {S. Bengio and H. Wallach and H. Larochelle and K. Grauman and N. Cesa-Bianchi and R. Garnett},
pages = {7091--7101},
year = {2018},
publisher = {Curran Associates, Inc.},
}

@inproceedings{seguy2018large,
        title={Large Scale Optimal Transport and Mapping Estimation},
        author={V. Seguy and Bharath Bhushan Damodaran and R. Flamary and N. Courty and A. Rolet and M. Blondel},
        booktitle={International Conference on Learning Representations},
        year={2018},
        url={https://openreview.net/forum?id=B1zlp1bRW},
        }



# 2017 

@misc{brauer2017sinkhornnewton,
Author = {C. Brauer and C. Clason and D. Lorenz and B. Wirth},
Title = {A Sinkhorn-Newton method for entropic optimal transport},
Year = {2017},
Eprint = {arXiv:1710.06635},
}

@ARTICLE{klouri17, 
author={S. Kolouri and S. R. Park and M. Thorpe and D. Slepcev and G. K. Rohde}, 
journal={IEEE Signal Processing Magazine}, 
title={Optimal Mass Transport: Signal processing and machine-learning applications}, 
year={2017}, 
volume={34}, 
number={4}, 
pages={43-59}, 
doi={10.1109/MSP.2017.2695801}, 
ISSN={1053-5888}, 
month={July},}

@incollection{altschulernips17,
title = {Near-linear time approximation algorithms for optimal transport via Sinkhorn iteration},
author = {Altschuler, J. and Weed, J. and Rigollet, P.},
booktitle = {Advances in Neural Information Processing Systems 30},
editor = {I. Guyon and U. V. Luxburg and S. Bengio and H. Wallach and R. Fergus and S. Vishwanathan and R. Garnett},
pages = {1964--1974},
year = {2017},
publisher = {Curran Associates, Inc.},
}

@article{schmidt2017SAG,
 author = {Schmidt, M. and Le Roux, N. and Bach, F.},
 title = {Minimizing Finite Sums with the Stochastic Average Gradient},
 journal = {Math. Program.},
 issue_date = {March     2017},
 volume = {162},
 number = {1-2},
 year = {2017},
 issn = {0025-5610},
 pages = {83--112},
 numpages = {30},
 publisher = {Springer-Verlag New York, Inc.},
 address = {Secaucus, NJ, USA},
 keywords = {62L20, 65K05, 68Q25, 90C06, 90C15, 90C25, 90C30, Convergence Rates, Convex optimization, First-order methods, Stochastic gradient methods},
}

# 2016

@incollection{genevay2016stochOT,
title = {Stochastic Optimization for Large-scale Optimal Transport},
author = {Genevay, A. and Cuturi, M. and Peyr\'{e}, G. and Bach, F.},
booktitle = {Advances in Neural Information Processing Systems 29},
editor = {D. D. Lee and M. Sugiyama and U. V. Luxburg and I. Guyon and R. Garnett},
pages = {3440--3448},
year = {2016},
publisher = {Curran Associates, Inc.},
url = {http://papers.nips.cc/paper/6566-stochastic-optimization-for-large-scale-optimal-transport.pdf}
}


@InProceedings{roletICML2015,
  title =    {Fast Dictionary Learning with a Smoothed Wasserstein Loss},
  author =   {A. Rolet and M.Cuturi and G. Peyré},
  booktitle =    {Proceedings of the 19th International Conference on Artificial Intelligence and Statistics},
  pages =    {630--638},
  year =   {2016},
  editor =   {Arthur Gretton and Christian C. Robert},
  volume =   {51},
  series =   {Proceedings of Machine Learning Research},
  address =    {Cadiz, Spain},
  month =    {09--11 May},
  publisher =    {PMLR}, 
}

# 2015

@incollection{frogner2015nips,
title = {Learning with a Wasserstein Loss},
author = {Frogner, C. and Zhang, C. and Mobahi, H. and Araya, M. and Poggio, T. A.},
booktitle = {Advances in Neural Information Processing Systems 28},
editor = {C. Cortes and N. D. Lawrence and D. D. Lee and M. Sugiyama and R. Garnett},
pages = {2053--2061},
year = {2015},
publisher = {Curran Associates, Inc.},
}

@article{solomon2015,
 author = {Solomon, J. and de Goes, F. and Peyr{\'e}, G. and Cuturi, M. and Butscher, A. and Nguyen, A. and Du, T. and Guibas, L.},
 title = {Convolutional Wasserstein Distances: Efficient Optimal Transportation on Geometric Domains},
 journal = {ACM Trans. Graph.},
 issue_date = {August 2015},
 volume = {34},
 number = {4},
 year = {2015},
 pages = {66:1--66:11},
 articleno = {66},
 numpages = {11},
 publisher = {ACM},
 address = {New York, NY, USA},
}

# 2013

@InProceedings{ferradans2013,
author="Ferradans, S.
and Papadakis, N.
and Rabin, J.
and Peyr{\'e}, G.
and Aujol, J. F.",
editor="Kuijper, A.
and Bredies, K.
and Pock, T.
and Bischof, H.",
title="Regularized Discrete Optimal Transport",
booktitle="Scale Space and Variational Methods in Computer Vision",
year="2013",
publisher="Springer Berlin Heidelberg",
address="Berlin, Heidelberg",
pages="428--439",
}



@incollection{cuturinips13,
title = {Sinkhorn Distances: Lightspeed Computation of Optimal Transport},
author = {Cuturi, M.},
booktitle = {Advances in Neural Information Processing Systems 26},
editor = {C. J. C. Burges and L. Bottou and M. Welling and Z. Ghahramani and K. Q. Weinberger},
pages = {2292--2300},
year = {2013},
publisher = {Curran Associates, Inc.},
}

# 2008

@article{knight2008,
author = {Knight, P.},
title = {The Sinkhorn–Knopp Algorithm: Convergence and Applications},
journal = {SIAM Journal on Matrix Analysis and Applications},
volume = {30},
number = {1},
pages = {261-275},
year = {2008},
}

@Article{kalantari2008,
author="Kalantari, B.
and Lari, I.
and Ricca, F.
and Simeone, B.",
title="On the complexity of general matrix scaling and entropy minimization via the RAS algorithm",
journal="Mathematical Programming",
year="2008",
month="Apr",
day="01",
volume="112",
number="2",
pages="371--401",
}

# 1967

@article{sinkhorn1967,
 author = {R. Sinkhorn},
 journal = {The American Mathematical Monthly},
 number = {4},
 pages = {402--405},
 publisher = {Mathematical Association of America},
 title = {Diagonal Equivalence to Matrices with Prescribed Row and Column Sums},
 volume = {74},
 year = {1967}
}


# 1942

@ARTICLE{kantorovich1942, 
author={L. Kantorovich}, 
journal={Doklady Akademii Nauk}, 
title={On the transfer of masses (in Russian)}, 
year={1942}, 
volume={2},
pages={227--229},}

# 1781

@ARTICLE{monge1781, 
author={G. Monge}, 
journal={Histoire de l'Académie Royale des Sciences}, 
title={Mémoire sur la théotie des déblais et des remblais}, 
year={1781}, 
pages={666-704},}


# Books 

@book{villani09optimal,
  title={Optimal Transport: Old and New},
  author={C., Villani},
  isbn={9783540710509},
  volume={338},
  series={Grundlehren der mathematischen Wissenschaften},
  year={2009},
  publisher={Springer Berlin Heidelberg}
}

@book{boyd2004,
 author = {Boyd, S. and Vandenberghe, L.},
 title = {Convex Optimization},
 year = {2004},
 publisher = {Cambridge University Press},
 address = {New York, NY, USA},
} 

@book{villani03topics,
  title={Topics in Optimal Transportation},
  author={Villani, C.},
  isbn={9780821833124},
  series={Graduate studies in mathematics},
  year={2003},
  publisher={American Mathematical Society}
}






