%---- Biblio. Alaya for Optimal Transport and Machine Learning ----%


#----------------------------------------------------------------------------------------------------#
#-                                                    Papers                                        -#
#----------------------------------------------------------------------------------------------------#


######################################################################################################
##                                                     2019                                         ##
######################################################################################################


@article{lin2019,
  title={On Efficient Optimal Transport: An Analysis of Greedy and Accelerated Mirror Descent Algorithms},
  author={T. Lin and N. Ho and M. I. Jordan},
  journal={CoRR},
  year={2019},
  volume={abs/1901.06482}
}

@article{peyre2019COTnowpublisher,
year = {2019},
volume = {11},
journal = {Foundations and Trends® in Machine Learning},
title = {Computational Optimal Transport},
doi = {10.1561/2200000073},
issn = {1935-8237},
number = {5-6},
pages = {355-607},
author = {G. Peyré and M. Cuturi}
}



######################################################################################################
##                                                     2018                                         ##
######################################################################################################

@InProceedings{blondel2018ICML,
  title =    {Smooth and Sparse Optimal Transport},
  author =   {M. Blondel and V. Seguy and A. Rolet},
  booktitle =    {Proceedings of the Twenty-First International Conference on Artificial Intelligence and Statistics},
  pages =    {880--889},
  year =   {2018},
  editor =   {Amos Storkey and Fernando Perez-Cruz},
  volume =   {84},
  series =   {Proceedings of Machine Learning Research},
  address =    {Playa Blanca, Lanzarote, Canary Islands},
  month =    {09--11 Apr},
  publisher =    {PMLR},
}

@misc{Blanchet2018TowardsOR,
Author = {J. Blanchet and A. Jambulapati and C. Kent and A. Sidford},
Title = {Towards Optimal Running Times for Optimal Transport},
Year = {2018},
Eprint = {arXiv:1810.07717},
}


@misc{altschuler2018Nystrom,
Author = {J. Altschuler and F. Bach and A. Rudi and J. Weed},
Title = {Massively scalable Sinkhorn distances via the Nyström method},
Year = {2018},
Eprint = {arXiv:1812.05189},
}

@InProceedings{chakrabarty2018,
  author =  {D. Chakrabarty and S. Khanna},
  title = {{Better and Simpler Error Analysis of the  Sinkhorn-Knopp Algorithm for Matrix Scaling}},
  booktitle = {1st Symposium on Simplicity in Algorithms (SOSA 2018)},
  pages = {4:1--4:11},
  series =  {OpenAccess Series in Informatics (OASIcs)},
  ISBN =  {978-3-95977-064-4},
  ISSN =  {2190-6807},
  year =  {2018},
  volume =  {61},
  editor =  {Raimund Seidel},
  publisher = {Schloss Dagstuhl--Leibniz-Zentrum fuer Informatik},
  address = {Dagstuhl, Germany},
}

@InProceedings{dvurechensky18aICML,
  title =    {Computational Optimal Transport: Complexity by Accelerated Gradient Descent Is Better Than by Sinkhorn’s Algorithm},
  author =   {Dvurechensky, P. and Gasnikov, A. and Kroshnin, A.},
  booktitle =    {Proceedings of the 35th International Conference on Machine Learning},
  pages =    {1367--1376},
  year =   {2018},
  editor =   {Dy, Jennifer and Krause, Andreas},
  volume =   {80},
  series =   {Proceedings of Machine Learning Research},
  address =    {Stockholmsmässan, Stockholm Sweden},
  month =    {10--15 Jul},
  publisher =    {PMLR},
}

@InProceedings{alvarezICML2018,
  title =    {Structured Optimal Transport},
  author =   {D. Alvarez-Melis and T. Jaakkola and S. Jegelka},
  booktitle =    {Proceedings of the Twenty-First International Conference on Artificial Intelligence and Statistics},
  pages =    {1771--1780},
  year =   {2018},
  editor =   {Amos Storkey and Fernando Perez-Cruz},
  volume =   {84},
  series =   {Proceedings of Machine Learning Research},
  address =    {Playa Blanca, Lanzarote, Canary Islands},
  month =    {09--11 Apr},
  publisher =    {PMLR},
}

@incollection{nips18,
title = {On the Convergence and Robustness of Training GANs with Regularized Optimal Transport},
author = {Sanjabi, M. and Ba, J. and Razaviyayn, M. and Lee, J. D.},
booktitle = {Advances in Neural Information Processing Systems 31},
editor = {S. Bengio and H. Wallach and H. Larochelle and K. Grauman and N. Cesa-Bianchi and R. Garnett},
pages = {7091--7101},
year = {2018},
publisher = {Curran Associates, Inc.},
}

@inproceedings{seguy2018large,
        title={Large Scale Optimal Transport and Mapping Estimation},
        author={V. Seguy and Bharath Bhushan Damodaran and R. Flamary and N. Courty and A. Rolet and M. Blondel},
        booktitle={International Conference on Learning Representations},
        year={2018},
        url={https://openreview.net/forum?id=B1zlp1bRW},
        }


@Article{flamary2018WDA,
author="Flamary, R.
and Cuturi, M.
and Courty, N.
and Rakotomamonjy, A.",
title="Wasserstein discriminant analysis",
journal="Machine Learning",
year="2018",
volume="107",
number="12",
pages="1923--1945",
}

@InProceedings{khalilabid2018,
  title =    {Stochastic algorithms for entropy-regularized optimal transport problems},
  author =   {B. K. Abid and R. Gower},
  booktitle =    {Proceedings of the Twenty-First International Conference on Artificial Intelligence and Statistics},
  pages =    {1505--1512},
  year =   {2018},
  editor =   {Amos Storkey and Fernando Perez-Cruz},
  volume =   {84},
  series =   {Proceedings of Machine Learning Research},
  address =    {Playa Blanca, Lanzarote, Canary Islands},
  publisher =    {PMLR},
}

@misc{xie2018proxpointOT,
Author = {Y. Xie and X.Wang and R. Wang and H. Zha},
Title = {A Fast Proximal Point Method for Computing Wasserstein Distance},
Year = {2018},
Eprint = {arXiv:1802.04307},
}

######################################################################################################
##                                                     2017                                         ##
###################################################################################################### 



@InProceedings{pmlr-v70-arjovsky17a,
  title =    {{W}asserstein Generative Adversarial Networks},
  author =   {M. Arjovsky and S. Chintala and L. Bottou},
  booktitle =    {Proceedings of the 34th International Conference on Machine Learning},
  pages =    {214--223},
  year =   {2017},
  editor =   {Doina Precup and Yee Whye Teh},
  volume =   {70},
  series =   {Proceedings of Machine Learning Research},
  address =    {International Convention Centre, Sydney, Australia},
  publisher =    {PMLR},
}

@article{bigot2017,
author = "Bigot, J. and Gouet, R. and Klein, T. and López, A.",
doi = "10.1214/15-AIHP706",
fjournal = "Annales de l'Institut Henri Poincaré, Probabilités et Statistiques",
journal = "Ann. Inst. H. Poincaré Probab. Statist.",
number = "1",
pages = "1--26",
publisher = "Institut Henri Poincaré",
title = "Geodesic PCA in the Wasserstein space by convex PCA",
url = "https://doi.org/10.1214/15-AIHP706",
volume = "53",
year = "2017"
}

@misc{brauer2017sinkhornnewton,
Author = {C. Brauer and C. Clason and D. Lorenz and B. Wirth},
Title = {A Sinkhorn-Newton method for entropic optimal transport},
Year = {2017},
Eprint = {arXiv:1710.06635},
}

@ARTICLE{klouri17, 
author={S. Kolouri and S. R. Park and M. Thorpe and D. Slepcev and G. K. Rohde}, 
journal={IEEE Signal Processing Magazine}, 
title={Optimal Mass Transport: Signal processing and machine-learning applications}, 
year={2017}, 
volume={34}, 
number={4}, 
pages={43-59}, 
doi={10.1109/MSP.2017.2695801}, 
ISSN={1053-5888}, 
month={July},}

@incollection{altschulernips17,
title = {Near-linear time approximation algorithms for optimal transport via Sinkhorn iteration},
author = {Altschuler, J. and Weed, J. and Rigollet, P.},
booktitle = {Advances in Neural Information Processing Systems 30},
editor = {I. Guyon and U. V. Luxburg and S. Bengio and H. Wallach and R. Fergus and S. Vishwanathan and R. Garnett},
pages = {1964--1974},
year = {2017},
publisher = {Curran Associates, Inc.},
}

@article{schmidt2017SAG,
 author = {Schmidt, M. and Le Roux, N. and Bach, F.},
 title = {Minimizing Finite Sums with the Stochastic Average Gradient},
 journal = {Math. Program.},
 issue_date = {March     2017},
 volume = {162},
 number = {1-2},
 year = {2017},
 issn = {0025-5610},
 pages = {83--112},
 numpages = {30},
 publisher = {Springer-Verlag New York, Inc.},
 address = {Secaucus, NJ, USA},
 keywords = {62L20, 65K05, 68Q25, 90C06, 90C15, 90C25, 90C30, Convergence Rates, Convex optimization, First-order methods, Stochastic gradient methods},
}

@inproceedings{ho2017,
 author = {Ho, N. and Nguyen, X. L. and Yurochkin, M. and Bui, H. H. and Huynh, V. and Phung, D.},
 title = {Multilevel Clustering via Wasserstein Means},
 booktitle = {Proceedings of the 34th International Conference on Machine Learning - Volume 70},
 series = {ICML'17},
 year = {2017},
 location = {Sydney, NSW, Australia},
 pages = {1501--1509},
 numpages = {9},
 url = {http://dl.acm.org/citation.cfm?id=3305381.3305536},
 acmid = {3305536},
 publisher = {JMLR.org},
} 


@misc{ebert2017ConstructionON,
Author = {J. Ebert and V. Spokoiny and A. Suvorikova},
Title = {Construction of Non-asymptotic Confidence Sets in 2-Wasserstein Space},
Year = {2017},
Eprint = {arXiv:1703.03658},
}


@misc{flamary2017pot,
title={POT Python Optimal Transport library},
author={Flamary, R. and Courty, N.},
url={https://github.com/rflamary/POT},
year={2017}
}

######################################################################################################
##                                                     2016                                         ##
######################################################################################################

@incollection{genevay2016stochOT,
title = {Stochastic Optimization for Large-scale Optimal Transport},
author = {Genevay, A. and Cuturi, M. and Peyr\'{e}, G. and Bach, F.},
booktitle = {Advances in Neural Information Processing Systems 29},
editor = {D. D. Lee and M. Sugiyama and U. V. Luxburg and I. Guyon and R. Garnett},
pages = {3440--3448},
year = {2016},
publisher = {Curran Associates, Inc.},
}

@article{cuturi2016SIAM,
author = {Cuturi, M. and Peyré, G.},
title = {A Smoothed Dual Approach for Variational Wasserstein Problems},
journal = {SIAM Journal on Imaging Sciences},
volume = {9},
number = {1},
pages = {320-343},
year = {2016},    
}



@InProceedings{roletICML2015,
  title =    {Fast Dictionary Learning with a Smoothed Wasserstein Loss},
  author =   {A. Rolet and M.Cuturi and G. Peyré},
  booktitle =    {Proceedings of the 19th International Conference on Artificial Intelligence and Statistics},
  pages =    {630--638},
  year =   {2016},
  editor =   {Arthur Gretton and Christian C. Robert},
  volume =   {51},
  series =   {Proceedings of Machine Learning Research},
  address =    {Cadiz, Spain},
  month =    {09--11 May},
  publisher =    {PMLR}, 
}

@article{panaretos2016,
author = "Panaretos, V. M. and Zemel, Y.",
doi = "10.1214/15-AOS1387",
fjournal = "The Annals of Statistics",
journal = "Ann. Statist.",
month = "04",
number = "2",
pages = "771--812",
publisher = "The Institute of Mathematical Statistics",
title = "Amplitude and phase variation of point processes",
url = "https://doi.org/10.1214/15-AOS1387",
volume = "44",
year = "2016"
}

######################################################################################################
##                                                     2015                                         ##
######################################################################################################

@article{benamou2015IterativeBP,
  title={Iterative Bregman Projections for Regularized Transportation Problems},
  author={J. D. Benamou and G. Carlier and M. Cuturi and L. Nenna and G. Peyr{\'e}},
  journal={SIAM J. Scientific Computing},
  year={2015},
  volume={37}
}

@InProceedings{kusnerb2015,
  title =    {From Word Embeddings To Document Distances},
  author =   {M. Kusner and Y. Sun and N. Kolkin and K. Weinberger},
  booktitle =    {Proceedings of the 32nd International Conference on Machine Learning},
  pages =    {957--966},
  year =   {2015},
  editor =   {Francis Bach and David Blei},
  volume =   {37},
  series =   {Proceedings of Machine Learning Research},
  address =    {Lille, France},
  month =    {07--09 Jul},
  publisher =    {PMLR},
}

@incollection{frogner2015nips,
title = {Learning with a Wasserstein Loss},
author = {Frogner, C. and Zhang, C. and Mobahi, H. and Araya, M. and Poggio, T. A.},
booktitle = {Advances in Neural Information Processing Systems 28},
editor = {C. Cortes and N. D. Lawrence and D. D. Lee and M. Sugiyama and R. Garnett},
pages = {2053--2061},
year = {2015},
publisher = {Curran Associates, Inc.},
}

@article{solomon2015,
 author = {Solomon, J. and de Goes, F. and Peyr{\'e}, G. and Cuturi, M. and Butscher, A. and Nguyen, A. and Du, T. and Guibas, L.},
 title = {Convolutional Wasserstein Distances: Efficient Optimal Transportation on Geometric Domains},
 journal = {ACM Trans. Graph.},
 issue_date = {August 2015},
 volume = {34},
 number = {4},
 year = {2015},
 pages = {66:1--66:11},
 articleno = {66},
 numpages = {11},
 publisher = {ACM},
 address = {New York, NY, USA},
}

######################################################################################################
##                                                     2014                                         ##
######################################################################################################

@InProceedings{pmlr-v32-solomon14,
  title =    {Wasserstein Propagation for Semi-Supervised Learning},
  author =   {J. Solomon and R. Rustamov and L. Guibas and A. Butscher},
  booktitle =    {Proceedings of the 31st International Conference on Machine Learning},
  pages =    {306--314},
  year =   {2014},
  editor =   {Eric P. Xing and Tony Jebara},
  volume =   {32},
  number =       {1},
  series =   {Proceedings of Machine Learning Research},
  address =    {Bejing, China},
  month =    {22--24 Jun},
  publisher =    {PMLR},
}



######################################################################################################
##                                                     2013                                         ##
######################################################################################################

@InProceedings{pmlr-v32-solomon14,
  title =    {Wasserstein Propagation for Semi-Supervised Learning},
  author =   {Justin Solomon and Raif Rustamov and Leonidas Guibas and Adrian Butscher},
  booktitle =    {Proceedings of the 31st International Conference on Machine Learning},
  pages =    {306--314},
  year =   {2014},
  editor =   {Eric P. Xing and Tony Jebara},
  volume =   {32},
  number =       {1},
  series =   {Proceedings of Machine Learning Research},
  address =    {Bejing, China},
  month =    {22--24 Jun},
  publisher =    {PMLR},
  pdf =    {http://proceedings.mlr.press/v32/solomon14.pdf},
  url =    {http://proceedings.mlr.press/v32/solomon14.html},
  abstract =   {Probability distributions and histograms are natural representations for product ratings, traffic measurements, and other data considered in many machine learning applications.  Thus, this paper introduces a technique for graph-based semi-supervised learning of histograms, derived from the theory of optimal transportation. Our method has several properties making it suitable for this application; in particular, its behavior can be characterized by the moments and shapes of the histograms at the labeled nodes. In addition, it can be used for histograms on non-standard domains like circles, revealing a strategy for manifold-valued semi-supervised learning. We also extend this technique to related problems such as smoothing distributions on graph nodes.}
}


######################################################################################################
##                                                     2013                                         ##
######################################################################################################

@InProceedings{ferradans2013,
author="Ferradans, S.
and Papadakis, N.
and Rabin, J.
and Peyr{\'e}, G.
and Aujol, J. F.",
editor="Kuijper, A.
and Bredies, K.
and Pock, T.
and Bischof, H.",
title="Regularized Discrete Optimal Transport",
booktitle="Scale Space and Variational Methods in Computer Vision",
year="2013",
publisher="Springer Berlin Heidelberg",
address="Berlin, Heidelberg",
pages="428--439",
}



@incollection{cuturinips13,
title = {Sinkhorn Distances: Lightspeed Computation of Optimal Transport},
author = {Cuturi, M.},
booktitle = {Advances in Neural Information Processing Systems 26},
editor = {C. J. C. Burges and L. Bottou and M. Welling and Z. Ghahramani and K. Q. Weinberger},
pages = {2292--2300},
year = {2013},
publisher = {Curran Associates, Inc.},
}

######################################################################################################
##                                                     2011                                         ##
######################################################################################################

@ARTICLE{sandler2011, 
author={R. {Sandler} and M. {Lindenbaum}}, 
journal={IEEE Transactions on Pattern Analysis and Machine Intelligence}, 
title={Nonnegative Matrix Factorization with Earth Mover's Distance Metric for Image Analysis}, 
year={2011}, 
volume={33}, 
number={8}, 
pages={1590-1602}, 
}

@article{bonnel2011,
 author = {Bonneel, N. and van de Panne, M.  and Paris, S. and Heidrich, W.},
 title = {Displacement Interpolation Using Lagrangian Mass Transport},
 journal = {ACM Trans. Graph.},
 issue_date = {December 2011},
 volume = {30},
 number = {6},
 year = {2011},
 issn = {0730-0301},
 pages = {158:1--158:12},
 articleno = {158},
 numpages = {12},
 url = {http://doi.acm.org/10.1145/2070781.2024192},
 doi = {10.1145/2070781.2024192},
 acmid = {2024192},
 publisher = {ACM},
 address = {New York, NY, USA},
 keywords = {displacement interpolation, mass transport},
}

######################################################################################################
##                                                     2010                                         ##
######################################################################################################

@article{Ghaoui2010SafeFE,
  title={Safe Feature Elimination in Sparse Supervised Learning},
  author={L. El Ghaoui and V. Viallon and T. Rabbani},
  journal={CoRR},
  year={2010},
  volume={abs/1009.4219}
}


######################################################################################################
##                                                     2009                                         ##
######################################################################################################

@INPROCEEDINGS{pele2009, 
author={O. {Pele} and M. {Werman}}, 
booktitle={2009 IEEE 12th International Conference on Computer Vision}, 
title={Fast and robust Earth Mover's Distances}, 
year={2009}, 
volume={}, 
number={}, 
pages={460-467},}

######################################################################################################
##                                                     2008                                         ##
######################################################################################################

@article{knight2008,
author = {Knight, P.},
title = {The Sinkhorn–Knopp Algorithm: Convergence and Applications},
journal = {SIAM Journal on Matrix Analysis and Applications},
volume = {30},
number = {1},
pages = {261-275},
year = {2008},
}

@Article{kalantari2008,
author="Kalantari, B.
and Lari, I.
and Ricca, F.
and Simeone, B.",
title="On the complexity of general matrix scaling and entropy minimization via the RAS algorithm",
journal="Mathematical Programming",
year="2008",
month="Apr",
day="01",
volume="112",
number="2",
pages="371--401",
}

######################################################################################################
##                                                     2008                                         ##
######################################################################################################

@Article{Rubner2000,
author="Rubner, Y.
and Tomasi, C.
and Guibas, L. J.",
title="The Earth Mover's Distance as a Metric for Image Retrieval",
journal="International Journal of Computer Vision",
year="2000",
volume="40",
number="2",
pages="99--121",
}


######################################################################################################
##                                                     1997                                         ##
######################################################################################################

@article{zhu1997-LBFGS,
 author = {Zhu, C. and Byrd, R. H. and Lu, P. and Nocedal, J.},
 title = {Algorithm 778: L-BFGS-B: Fortran Subroutines for Large-scale Bound-constrained Optimization},
 journal = {ACM Trans. Math. Softw.},
 issue_date = {Dec. 1997},
 volume = {23},
 number = {4},
 year = {1997},
 issn = {0098-3500},
 pages = {550--560},
 numpages = {11},
 acmid = {279236},
 publisher = {ACM},
 address = {New York, NY, USA},
} 


######################################################################################################
##                                                     1985                                         ##
######################################################################################################

@article{werman1985,
title = "A distance metric for multidimensional histograms",
journal = "Computer Vision, Graphics, and Image Processing",
volume = "32",
number = "3",
pages = "328 - 336",
year = "1985",
author = "M. Werman and S. Peleg and A. Rosenfeld",
}

######################################################################################################
##                                                     1980                                         ##
######################################################################################################

@article{nocedal1980,
 author = {J. Nocedal},
 journal = {Mathematics of Computation},
 number = {151},
 pages = {773--782},
 publisher = {American Mathematical Society},
 title = {Updating Quasi-Newton Matrices with Limited Storage},
 volume = {35},
 year = {1980}
}



######################################################################################################
##                                                     1967                                         ##
######################################################################################################

@article{sinkhorn1967,
 author = {R. Sinkhorn},
 journal = {The American Mathematical Monthly},
 number = {4},
 pages = {402--405},
 publisher = {Mathematical Association of America},
 title = {Diagonal Equivalence to Matrices with Prescribed Row and Column Sums},
 volume = {74},
 year = {1967}
}


######################################################################################################
##                                                     1942                                         ##
######################################################################################################

@ARTICLE{kantorovich1942, 
author={L. Kantorovich}, 
journal={Doklady Akademii Nauk}, 
title={On the transfer of masses (in Russian)}, 
year={1942}, 
volume={2},
pages={227--229},}


######################################################################################################
##                                                     1781                                         ##
######################################################################################################

@ARTICLE{monge1781, 
author={G. Monge}, 
journal={Histoire de l'Académie Royale des Sciences}, 
title={Mémoire sur la théotie des déblais et des remblais}, 
year={1781}, 
pages={666-704},}


######################################################################################################
##                                                    Books                                         ##
######################################################################################################

@book{villani09optimal,
  title={Optimal Transport: Old and New},
  author={C., Villani},
  isbn={9783540710509},
  volume={338},
  series={Grundlehren der mathematischen Wissenschaften},
  year={2009},
  publisher={Springer Berlin Heidelberg}
}

@book{nocedal2006numerical,
  title={Numerical Optimization},
  author={Nocedal, J. and Wright, S.},
  isbn={9780387303031},
  lccn={99013263},
  series={Springer Series in Operations Research and Financial Engineering},
  url={https://books.google.fr/books?id=eNlPAAAAMAAJ},
  year={2006},
  publisher={Springer New York}
}


@book{boyd2004,
 author = {Boyd, S. and Vandenberghe, L.},
 title = {Convex Optimization},
 year = {2004},
 publisher = {Cambridge University Press},
 address = {New York, NY, USA},
} 

@book{villani03topics,
  title={Topics in Optimal Transportation},
  author={Villani, C.},
  isbn={9780821833124},
  series={Graduate studies in mathematics},
  year={2003},
  publisher={American Mathematical Society}
}






